@book{tierno2012mecanica,
	title={Mec{\'a}nica del vuelo},
	author={Tierno, Miguel {\'A}ngel G{\'o}mez and Cort{\'e}s, Manuel P{\'e}rez and M{\'a}rquez, C{\'e}sar Puentes},
	year={2012},
	publisher={Ibergaceta}
}