@book{tierno,
	title={Mec{\'a}nica del vuelo},
	author={Tierno, Miguel {\'A}ngel G{\'o}mez and Cort{\'e}s, Manuel P{\'e}rez and M{\'a}rquez, C{\'e}sar Puentes},
	year={2012},
	publisher={Ibergaceta}
}

@book{jane1969jane,
	title={Jane's All the World's Aircraft 1913},
	author={Jane, Frederick Thomas},
	year={1969},
	publisher={David \& Charles Reprtints}
}

 @misc{defensa.com_2018, title={Proyecto T-35 Pillán II: Nueva Vida Para El Pillán}, url={https://www.defensa.com/fidae-2018/proyecto-t-35-pillan-ii-nueva-vida-para-pillan}, journal={Defensa.com}, publisher={Grupo EDEFA S.A.}, author={Defensa.com, Cristian Marambio}, year={2018}, month={Apr}} 